@inproceedings{morton2018deep,
  title={Deep dynamical modeling and control of unsteady fluid flows},
  author={Morton, Jeremy and Jameson, Antony and Kochenderfer, Mykel J and Witherden, Freddie},
  booktitle={Advances in Neural Information Processing Systems},
  pages={9278--9288},
  year={2018}
}

@article{rabault2018deep,
  title={Deep reinforcement learning achieves flow control of the 2d karman vortex street},
  author={Rabault, Jean and Reglade, Ulysse and Cerardi, Nicolas and Kuchta, Miroslav and Jensen, Atle},
  journal={arXiv preprint arXiv:1808.10754},
  year={2018}
}

@article{rabault2019artificial,
  title={Artificial neural networks trained through deep reinforcement learning discover control strategies for active flow control},
  author={Rabault, Jean and Kuchta, Miroslav and Jensen, Atle and R{\'e}glade, Ulysse and Cerardi, Nicolas},
  journal={Journal of Fluid Mechanics},
  volume={865},
  pages={281--302},
  year={2019},
  publisher={Cambridge University Press}
}

@article{homescu2002suppression,
  title={Suppression of vortex shedding for flow around a circular cylinder using optimal control},
  author={Homescu, Chris and Navon, IM and Li, Zhijin},
  journal={International Journal for Numerical Methods in Fluids},
  volume={38},
  number={1},
  pages={43--69},
  year={2002},
  publisher={Wiley Online Library},
  url = {https://web.math.fsu.edu/~aluffi/archive/paper132.pdf}
}

@article{bearman2004experimental,
  title={Experimental studies of passive control of vortex-induced vibration},
  author={Bearman, Peter and Brankovi{\'c}, Ma{\v{s}}a},
  journal={European Journal of Mechanics-B/Fluids},
  volume={23},
  number={1},
  pages={9--15},
  year={2004},
  publisher={Elsevier}
}

@article{brockman2016openai,
  title={Openai gym},
  author={Brockman, Greg and Cheung, Vicki and Pettersson, Ludwig and Schneider, Jonas and Schulman, John and Tang, Jie and Zaremba, Wojciech},
  journal={arXiv preprint arXiv:1606.01540},
  year={2016}
}

@article{witherden2014pyfr,
  title={PyFR: An open source framework for solving advection--diffusion type problems on streaming architectures using the flux reconstruction approach},
  author={Witherden, Freddie D and Farrington, Antony M and Vincent, Peter E},
  journal={Computer Physics Communications},
  volume={185},
  number={11},
  pages={3028--3040},
  year={2014},
  publisher={Elsevier}
}

@article{mnih2013playing,
  title={Playing atari with deep reinforcement learning},
  author={Mnih, Volodymyr and Kavukcuoglu, Koray and Silver, David and Graves, Alex and Antonoglou, Ioannis and Wierstra, Daan and Riedmiller, Martin},
  journal={arXiv preprint arXiv:1312.5602},
  year={2013}
}

@article{schulman2017proximal,
  title={Proximal policy optimization algorithms},
  author={Schulman, John and Wolski, Filip and Dhariwal, Prafulla and Radford, Alec and Klimov, Oleg},
  journal={arXiv preprint arXiv:1707.06347},
  year={2017}
}

@misc{stable-baselines,
  author = { Hill, Ashley and Raffin, Antonin and Ernestus, Maximilian },
  year = {2019},
  title = {Stable Baselines},
  publisher = {GitHub},
  journal = {GitHub repository},
  howpublished = {\url{https://github.com/hill-a/stable-baselines}}
}

@misc{saliency,
  author = { dsmilkov and ruthcfong and nsthorat and nalinimsingh },
  year = {2019},
  title = {saliency},
  publisher = {GitHub},
  journal = {GitHub repository},
  howpublished = {\url{https://github.com/PAIR-code/saliency}}
}

@article{mnih2015human,
  title={Human-level control through deep reinforcement learning},
  author={Mnih, Volodymyr and Kavukcuoglu, Koray and Silver, David and Rusu, Andrei A and Veness, Joel and Bellemare, Marc G and Graves, Alex and Riedmiller, Martin and Fidjeland, Andreas K and Ostrovski, Georg and others},
  journal={Nature},
  volume={518},
  number={7540},
  pages={529},
  year={2015},
  publisher={Nature Publishing Group}
}